@inproceedings{alberto-2013, 
author={Túlio C. Alberto and Tiago A. Almeida},
title={Aprendizado de Máquina Aplicado na Detecção Automática de Comentários Indesejados BEST PAPER AWARD (3RD PLACE)}, 
booktitle={Anais do X Encontro Nacional de Inteligência Artificial e Computacional (ENIAC'13)}, 
year={2013}, 
address = {Fortaleza, Brazil},
KEYWORDS = {brazil},
NOTE = {BEST PAPER AWARD (3RD PLACE)}
}

@inproceedings{almeida-2013, 
author={Tiago A. Almeida and Túlio C. Alberto},
title={Learning to Block Undesired Comments in the Blogosphere}, 
booktitle={Proceedings of the 12th IEEE International Conference on Machine Learning and Applications (ICMLA'13)}, 
year={2013}, 
address = {Miami, USA},
NOTE = {BEST PAPER AWARD (3RD PLACE)}
}
